@book{cormen,
 author = {Cormen, Thomas H. and Leiserson, Charles E. and Rivest, Ronald L. and Stein, Clifford},
 title = {Introduction to Algorithms, Third Edition},
 year = {2009},
 isbn = {0262033844, 9780262033848},
 edition = {3rd},
 publisher = {The MIT Press},
}

@book{greenlaw,
 author = {Greenlaw, Raymond and Hoover, H. James and Ruzzo, Walter L.},
 title = {Limits to Parallel Computation: P-completeness Theory},
 year = {1995},
 isbn = {0-19-508591-4},
 publisher = {Oxford University Press, Inc.},
 address = {New York, NY, USA},
} 

@article{sutterlunch,
    author = {Sutter, Herb},
    journal = {Dr. Dobb's Journal},
    title = {{The Free Lunch Is Over: A Fundamental Turn Toward Concurrency in Software}},
    volume = {30},
    number = {3},
    year = {2005},
}

@book{fgi1,
    author = {Köhler-Bußmeier, Michael},
    title = {Formale Grundlagen der Informatik I: Automaten, Grammatiken und Formale Sprachen sowie Berechenbarkeit und Komplexität},
    year = {2014},
}

@book{fgi2,
    author = {Moldt, Daniel and Valk, Rüdiger},
    title = {Formale Grundlagen der Informatik II: Modellierung und Analyse},
    year = {2012},
}

@book{jaja,
 author = {J\'{a}J\'{a}, Joseph},
 title = {An Introduction to Parallel Algorithms},
 year = {1992},
 isbn = {0-201-54856-9},
 publisher = {Addison Wesley Longman Publishing Co., Inc.},
 address = {Redwood City, CA, USA},
}

@book{reif,
 author = {Reif, John H.},
 title = {Synthesis of Parallel Algorithms},
 year = {1993},
 isbn = {155860135X},
 edition = {1st},
 publisher = {Morgan Kaufmann Publishers Inc.},
 address = {San Francisco, CA, USA},
}

@Book{zbMATH00107950,
    Author = {Pranay {Chaudhuri}},
    Title = {{Parallel algorithms. Design and analysis.}},
    ISBN = {0-13-351982-1},
    Pages = {xiv + 314},
    Year = {1992},
    Publisher = {Hemel Hempstead, Herts.: Prentice Hall},
    Language = {English},
    MSC2010 = {68W15 68Q25 68Q10 68-02 68P10},
    Zbl = {0757.68059}
}

@inproceedings{Kale:2010:PSP:1953611.1953621,
 author = {Kale, Vivek and Solomonik, Edgar},
 title = {Parallel Sorting Pattern},
 booktitle = {Proceedings of the 2010 Workshop on Parallel Programming Patterns},
 series = {ParaPLoP '10},
 year = {2010},
 isbn = {978-1-4503-0127-5},
 location = {Carefree, Arizona},
 pages = {10:1--10:12},
 articleno = {10},
 numpages = {12},
 url = {http://doi.acm.org/10.1145/1953611.1953621},
 doi = {10.1145/1953611.1953621},
 acmid = {1953621},
 publisher = {ACM},
 address = {New York, NY, USA},
}

@article{Cleereman:2002:SIQ:775742.775783,
 author = {Cleereman, Kevin},
 title = {Speedsort: Improving the Quicksort Algorithm},
 journal = {J. Comput. Sci. Coll.},
 issue_date = {May 2002},
 volume = {17},
 number = {6},
 month = may,
 year = {2002},
 issn = {1937-4771},
 pages = {250--250},
 numpages = {1},
 url = {http://dl.acm.org/citation.cfm?id=775742.775783},
 acmid = {775783},
 publisher = {Consortium for Computing Sciences in Colleges},
 address = {USA},
}

@article{Kessler:2004:PAT:1028174.971436,
 author = {Kessler, Christoph},
 title = {A Practical Access to the Theory of Parallel Algorithms},
 journal = {SIGCSE Bull.},
 issue_date = {March 2004},
 volume = {36},
 number = {1},
 month = mar,
 year = {2004},
 issn = {0097-8418},
 pages = {397--401},
 numpages = {5},
 url = {http://doi.acm.org/10.1145/1028174.971436},
 doi = {10.1145/1028174.971436},
 acmid = {971436},
 publisher = {ACM},
 address = {New York, NY, USA},
 keywords = {PRAM model, fork, parallel program visualization, parallel programming, teaching parallel algorithms},
}
