/home/lennart/Dokumente/Uni/SoSe 2014/Psem_Nebenlaeufigkeit/parallele_Algorithmen/pAlg/parallele-algorithmen.bib